@comment{x-kbibtex-personnameformatting=<%l><, %f>}

@incollection{AbramovichLog,
	author = "Abramovich, Dan and Chen, Qile and Gillam, Danny and Huang, Yuhao and Olsson, Martin and Satriano, Matthew and Sun, Shenghao",
	booktitle = "{Handbook of moduli. {V}ol. {I}}",
	mrclass = "14D20 (14A20)",
	mrnumber = "3184161",
	mrreviewer = "Howard M. Thompson",
	pages = "1--61",
	publisher = "Int. Press, Somerville, MA",
	series = "{Adv. Lect. Math. (ALM)}",
	title = "{Logarithmic geometry and moduli}",
	volume = "24",
	year = "2013"
}

@article{AbramovichChenLog,
	author = "Abramovich, Dan and Chen, Qile",
	doi = "10.4310/AJM.2014.v18.n3.a5",
	fjournal = "Asian Journal of Mathematics",
	issn = "1093-6106",
	journal = "Asian J. Math.",
	mrclass = "14D23 (14A20 14H10 14N35)",
	mrnumber = "3257836",
	mrreviewer = "Jonathan Wise",
	number = "3",
	pages = "465--488",
	title = "{Stable logarithmic maps to {D}eligne-{F}altings pairs {II}}",
	url = "http://dx.doi.org/10.4310/AJM.2014.v18.n3.a5",
	volume = "18",
	year = "2014"
}

@article{AbramovichFantechi,
	author = "Abramovich, Dan and Fantechi, Barbara",
	fjournal = "Annali della Scuola Normale Superiore di Pisa. Classe di Scienze. Serie V",
	issn = "0391-173X",
	journal = "Ann. Sc. Norm. Super. Pisa Cl. Sci. (5)",
	mrclass = "14N35 (14D22)",
	mrnumber = "3559610",
	mrreviewer = "Hsian-Hua Tseng",
	number = "2",
	pages = "519--579",
	title = "{Orbifold techniques in degeneration formulas}",
	volume = "16",
	year = "2016"
}

@article{AbramovichMarcusWiseComparison,
	author = "Abramovich, Dan and Marcus, Steffen and Wise, Jonathan",
	fjournal = "Universit{\'e} de Grenoble. Annales de l'Institut Fourier",
	issn = "0373-0956",
	journal = "Ann. Inst. Fourier (Grenoble)",
	mrclass = "14N35 (14D23 14H10)",
	mrnumber = "3329675",
	mrreviewer = "Felix Janda",
	number = "4",
	pages = "1611--1667",
	title = "{Comparison theorems for {G}romov-{W}itten invariants of smooth pairs and of degenerations}",
	url = "http://aif.cedram.org/item?id=AIF_2014__64_4_1611_0",
	volume = "64",
	year = "2014"
}

@article {Batyrev,
    AUTHOR = {Batyrev, Victor V.},
     TITLE = {Quantum cohomology rings of toric manifolds},
      NOTE = {Journ\'ees de G\'eom\'etrie Alg\'ebrique d'Orsay (Orsay, 1992)},
   JOURNAL = {Ast\'erisque},
  FJOURNAL = {Ast\'erisque},
    NUMBER = {218},
      YEAR = {1993},
     PAGES = {9--34},
      ISSN = {0303-1179},
   MRCLASS = {32G20 (14J32 14M25 32G81 32J18 32J81)},
  MRNUMBER = {1265307},
MRREVIEWER = {Bruce Hunt},
}

@ARTICLE{BCM,
   author = {{Battistella}, L. and {Carocci}, F. and {Manolache}, C.},
    title = "{Reduced invariants from cuspidal maps}",
  journal = {arXiv:1801.07739},
archivePrefix = "arXiv",
   eprint = {1801.07739},
 primaryClass = "math.AG",
 keywords = {Mathematics - Algebraic Geometry, 14N35},
     year = 2018,
    month = jan,
   adsurl = {http://adsabs.harvard.edu/abs/2018arXiv180107739B},
  adsnote = {Provided by the SAO/NASA Astrophysics Data System}
}


@ARTICLE{BN,
   author = {{Battistella}, L. and {Nabijou}, N.},
    title = "{A Lefschetz-type Theorem for Quasimap Invariants via Relative Quasimaps}",
  journal = {arXiv:1710.11158(v1)},
archivePrefix = "arXiv",
   eprint = {1710.11158},
 primaryClass = "math.AG",
 keywords = {Mathematics - Algebraic Geometry, 14N35},
     year = 2017,
    month = oct,
   adsurl = {http://adsabs.harvard.edu/abs/2017arXiv171011158B},
  adsnote = {Provided by the SAO/NASA Astrophysics Data System}
}

@article{Behrend,
	author = "Behrend, Kai",
	doi = "10.1007/s002220050132",
	fjournal = "Inventiones Mathematicae",
	issn = "0020-9910",
	journal = "Invent. Math.",
	mrclass = "14D20 (14C25 14D22)",
	mrnumber = "1431140",
	mrreviewer = "Barbara Fantechi",
	number = "3",
	pages = "601--617",
	title = "{Gromov-{W}itten invariants in algebraic geometry}",
	url = "http://dx.doi.org/10.1007/s002220050132",
	volume = "127",
	year = "1997"
}

@article{BF,
	author = "Behrend, K. and Fantechi, B.",
	doi = "10.1007/s002220050136",
	fjournal = "Inventiones Mathematicae",
	issn = "0020-9910",
	journal = "Invent. Math.",
	mrclass = "14F99 (14C15 14D20)",
	mrnumber = "1437495",
	mrreviewer = "Tohru Nakashima",
	number = "1",
	pages = "45--88",
	title = "{The intrinsic normal cone}",
	url = "http://dx.doi.org/10.1007/s002220050136",
	volume = "128",
	year = "1997"
}

@article{CF-K-higher-genus,
	author = "Ciocan-Fontanine, Ionu\c{t} and Kim, Bumsig",
	fjournal = "Journal of the European Mathematical Society (JEMS)",
	issn = "1435-9855",
	journal = "J. Eur. Math. Soc. (JEMS)",
	mrclass = "14N35 (14J33)",
	mrnumber = "3656479",
	number = "7",
	pages = "2051--2102",
	title = "{Higher genus quasimap wall-crossing for semipositive targets}",
	url = "https://doi.org/10.4171/JEMS/713",
	volume = "19",
	year = "2017"
}

@article {CLpfields,
    AUTHOR = {Chang, Huai-Liang and Li, Jun},
     TITLE = {Gromov-{W}itten invariants of stable maps with fields},
   JOURNAL = {Int. Math. Res. Not. IMRN},
  FJOURNAL = {International Mathematics Research Notices. IMRN},
      YEAR = {2012},
    NUMBER = {18},
     PAGES = {4163--4217},
      ISSN = {1073-7928},
   MRCLASS = {14N35 (53D45)},
  MRNUMBER = {2975379},
MRREVIEWER = {Artan Sheshmani},
       DOI = {10.1093/imrn/rnr186},
       URL = {https://doi.org/10.1093/imrn/rnr186},
}

@article{ChenLog,
	author = "Chen, Qile",
	doi = "10.4007/annals.2014.180.2.2",
	fjournal = "Annals of Mathematics. Second Series",
	issn = "0003-486X",
	journal = "Ann. of Math. (2)",
	mrclass = "14N35 (14D23)",
	mrnumber = "3224717",
	mrreviewer = "Sergiy Koshkin",
	number = "2",
	pages = "455--521",
	title = "{Stable logarithmic maps to {D}eligne-{F}altings pairs {I}}",
	url = "http://dx.doi.org/10.4007/annals.2014.180.2.2",
	volume = "180",
	year = "2014"
}

@incollection{CKL,
	author = "Cox, David A. and Katz, Sheldon and Lee, Yuan-Pin",
	booktitle = "{Advances in algebraic geometry motivated by physics ({L}owell, {MA}, 2000)}",
	doi = "10.1090/conm/276/04519",
	mrclass = "14N10 (14D20)",
	mrnumber = "1837116",
	pages = "157--166",
	publisher = "Amer. Math. Soc., Providence, RI",
	series = "{Contemp. Math.}",
	title = "{Virtual fundamental classes of zero loci}",
	url = "http://0-dx.doi.org.pugwash.lib.warwick.ac.uk/10.1090/conm/276/04519",
	volume = "276",
	year = "2001"
}

@article{CL,
	author = "Chang, Huai-Liang and Li, Jun",
	fjournal = "Journal of Differential Geometry",
	issn = "0022-040X",
	journal = "J. Differential Geom.",
	mrclass = "14N35 (53D45)",
	mrnumber = "3343833",
	mrreviewer = "Sergiy Koshkin",
	number = "2",
	pages = "251--299",
	title = "{An algebraic proof of the hyperplane property of the genus one {GW}-invariants of quintics}",
	url = "http://0-projecteuclid.org.pugwash.lib.warwick.ac.uk/euclid.jdg/1430744122",
	volume = "100",
	year = "2015"
}

@article{Costello,
	author = "Costello, Kevin",
	doi = "10.4007/annals.2006.164.561",
	fjournal = "Annals of Mathematics. Second Series",
	issn = "0003-486X",
	journal = "Ann. of Math. (2)",
	mrclass = "14N35",
	mrnumber = "2247968",
	mrreviewer = "Hsian-Hua Tseng",
	number = "2",
	pages = "561--601",
	title = "{Higher genus {G}romov-{W}itten invariants as genus zero invariants of symmetric products}",
	url = "http://dx.doi.org/10.4007/annals.2006.164.561",
	volume = "164",
	year = "2006"
}

@book{debarre,
	Author = {Debarre, Olivier},
	Publisher = {Springer Science \& Business Media},
	Title = {{Higher-dimensional algebraic geometry}},
	Year = {2013}}
	
@book {MS,
    AUTHOR = {Cox, David A. and Katz, Sheldon},
     TITLE = {Mirror symmetry and algebraic geometry},
    SERIES = {Mathematical Surveys and Monographs},
    VOLUME = {68},
 PUBLISHER = {American Mathematical Society, Providence, RI},
      YEAR = {1999},
     PAGES = {xxii+469},
      ISBN = {0-8218-1059-6},
   MRCLASS = {14J32 (14-02 14M25 14N10 14N35 32G81 32J81 32Q25)},
  MRNUMBER = {1677117},
MRREVIEWER = {Andreas Gathmann},
       DOI = {10.1090/surv/068},
       URL = {https://doi.org/10.1090/surv/068},
}

@article{CoxRing,
	author = "Cox, David A.",
	fjournal = "Journal of Algebraic Geometry",
	issn = "1056-3911",
	journal = "J. Algebraic Geom.",
	mrclass = "14M25",
	mrnumber = "1299003",
	mrreviewer = "Mina Teicher",
	number = "1",
	pages = "17--50",
	title = "{The homogeneous coordinate ring of a toric variety}",
	volume = "4",
	year = "1995"
}

@article{CoxFunctor,
	author = "Cox, David A.",
	doi = "10.2748/tmj/1178225594",
	fjournal = "The Tohoku Mathematical Journal. Second Series",
	issn = "0040-8735",
	journal = "Tohoku Math. J. (2)",
	mrclass = "14M25",
	mrnumber = "1329523",
	mrreviewer = "David Perkinson",
	number = "2",
	pages = "251--262",
	title = "{The functor of a smooth toric variety}",
	url = "http://dx.doi.org/10.2748/tmj/1178225594",
	volume = "47",
	year = "1995"
}

@article{DM,
	author = "Deligne, P. and Mumford, D.",
	fjournal = "Institut des Hautes {\'E}tudes Scientifiques. Publications Math{\'e}matiques",
	issn = "0073-8301",
	journal = "Inst. Hautes {\'E}tudes Sci. Publ. Math.",
	mrclass = "14.20",
	mrnumber = "0262240",
	mrreviewer = "Manfred Herrmann",
	number = "36",
	pages = "75--109",
	title = "{The irreducibility of the space of curves of given genus}",
	year = "1969"
}

@misc{GathmannThesis,
	author = "Gathmann, Andreas",
	note = "Habilitation thesis",
	title = "{{G}romov-{W}itten invariants of hypersurfaces}",
	year = 2003
}

@article {Gillam,
    AUTHOR = {Gillam, W. D.},
     TITLE = {Logarithmic stacks and minimality},
   JOURNAL = {Internat. J. Math.},
  FJOURNAL = {International Journal of Mathematics},
    VOLUME = {23},
      YEAR = {2012},
    NUMBER = {7},
     PAGES = {1250069, 38},
      ISSN = {0129-167X},
   MRCLASS = {14A20 (18D30)},
  MRNUMBER = {2945649},
MRREVIEWER = {Jon Eivind Vatne},
       DOI = {10.1142/S0129167X12500693},
       URL = {https://doi.org/10.1142/S0129167X12500693},
}

@article{Givental-equivariantGW,
	author = "Givental, Alexander B.",
	doi = "10.1155/S1073792896000414",
	fjournal = "International Mathematics Research Notices",
	issn = "1073-7928",
	journal = "Internat. Math. Res. Notices",
	mrclass = "14D07 (14D05 14J32 14N10 32G20)",
	mrnumber = "1408320",
	mrreviewer = "Claire Voisin",
	number = "13",
	pages = "613--663",
	title = "{Equivariant {G}romov-{W}itten invariants}",
	url = "http://dx.doi.org/10.1155/S1073792896000414",
	year = "1996"
}

@article{GraberPandharipande,
	author = "Graber, Tom and Pandharipande, Rahul",
	fjournal = "Inventiones Mathematicae",
	issn = "0020-9910",
	journal = "Invent. Math.",
	mrclass = "14C17 (14D20 14N10 14N35)",
	mrnumber = "1666787",
	mrreviewer = "Paolo Aluffi",
	number = "2",
	pages = "487--518",
	title = "{Localization of virtual classes}",
	url = "http://dx.doi.org/10.1007/s002220050293",
	volume = "135",
	year = "1999"
}

@article {GraberVakil,
    AUTHOR = {Graber, Tom and Vakil, Ravi},
     TITLE = {Relative virtual localization and vanishing of tautological
              classes on moduli spaces of curves},
   JOURNAL = {Duke Math. J.},
  FJOURNAL = {Duke Mathematical Journal},
    VOLUME = {130},
      YEAR = {2005},
    NUMBER = {1},
     PAGES = {1--37},
      ISSN = {0012-7094},
   MRCLASS = {14H10 (14C15)},
  MRNUMBER = {2176546},
MRREVIEWER = {Ivan S. Kausz},
       DOI = {10.1215/S0012-7094-05-13011-3},
       URL = {https://doi.org/10.1215/S0012-7094-05-13011-3},
}

@article{GrossSiebertLog,
	author = "Gross, Mark and Siebert, Bernd",
	doi = "10.1090/S0894-0347-2012-00757-7",
	fjournal = "Journal of the American Mathematical Society",
	issn = "0894-0347",
	journal = "J. Amer. Math. Soc.",
	mrclass = "14N35 (14D23)",
	mrnumber = "3011419",
	mrreviewer = "Hsian-Hua Tseng",
	number = "2",
	pages = "451--510",
	title = "{Logarithmic {G}romov-{W}itten invariants}",
	url = "http://dx.doi.org/10.1090/S0894-0347-2012-00757-7",
	volume = "26",
	year = "2013"
}

@article{GrossSiebertIntrinsic,
	adsnote = "Provided by the SAO/NASA Astrophysics Data System",
	adsurl = "http://adsabs.harvard.edu/abs/2016arXiv160900624G",
	archiveprefix = "arXiv",
	author = "{Gross}, Mark and {Siebert}, Bernd",
	eprint = "1609.00624",
	journal = "ArXiv e-prints",
	keywords = "Mathematics - Algebraic Geometry; 14J32",
	month = sep,
	primaryclass = "math.AG",
	title = "{Intrinsic mirror symmetry and punctured Gromov-Witten invariants}",
	year = 2016
}

@book {HM,
    AUTHOR = {Harris, Joe and Morrison, Ian},
     TITLE = {Moduli of curves},
    SERIES = {Graduate Texts in Mathematics},
    VOLUME = {187},
 PUBLISHER = {Springer-Verlag, New York},
      YEAR = {1998},
     PAGES = {xiv+366},
      ISBN = {0-387-98438-0; 0-387-98429-1},
   MRCLASS = {14H10 (14-02 14D20 14D22)},
  MRNUMBER = {1631825},
MRREVIEWER = {R. F. Lax},
}

@article {Hassett,
    AUTHOR = {Hassett, Brendan},
     TITLE = {Moduli spaces of weighted pointed stable curves},
   JOURNAL = {Adv. Math.},
  FJOURNAL = {Advances in Mathematics},
    VOLUME = {173},
      YEAR = {2003},
    NUMBER = {2},
     PAGES = {316--352},
      ISSN = {0001-8708},
   MRCLASS = {14H10 (14D22 14E30)},
  MRNUMBER = {1957831},
MRREVIEWER = {Ivan S. Kausz},
       DOI = {10.1016/S0001-8708(02)00058-0},
       URL = {https://doi.org/10.1016/S0001-8708(02)00058-0},
}

@article {HassettHyeon,
    AUTHOR = {Hassett, Brendan and Hyeon, Donghoon},
     TITLE = {Log canonical models for the moduli space of curves: the first
              divisorial contraction},
   JOURNAL = {Trans. Amer. Math. Soc.},
  FJOURNAL = {Transactions of the American Mathematical Society},
    VOLUME = {361},
      YEAR = {2009},
    NUMBER = {8},
     PAGES = {4471--4489},
      ISSN = {0002-9947},
   MRCLASS = {14H10 (14E30)},
  MRNUMBER = {2500894},
MRREVIEWER = {Hsian-Hua Tseng},
       DOI = {10.1090/S0002-9947-09-04819-3},
       URL = {https://doi.org/10.1090/S0002-9947-09-04819-3},
}
@article{HL,
	author = "Hu, Yi and Li, Jun",
	coden = "MAANA",
	doi = "10.1007/s00208-010-0504-8",
	fjournal = "Mathematische Annalen",
	issn = "0025-5831",
	journal = "Math. Ann.",
	mrclass = "14D23 (14D20 14E15)",
	mrnumber = "2721647",
	mrreviewer = "Cristina Mart{\'i}nez",
	number = "4",
	pages = "929--963",
	title = "{Genus-one stable maps, local equations, and {V}akil-{Z}inger's desingularization}",
	url = "http://0-dx.doi.org.pugwash.lib.warwick.ac.uk/10.1007/s00208-010-0504-8",
	volume = "348",
	year = "2010"
}

@article {Jie,
    AUTHOR = {Wang, Jie},
     TITLE = {Deformations of pairs {$(X,L)$} when {$X$} is singular},
   JOURNAL = {Proc. Amer. Math. Soc.},
  FJOURNAL = {Proceedings of the American Mathematical Society},
    VOLUME = {140},
      YEAR = {2012},
    NUMBER = {9},
     PAGES = {2953--2966},
      ISSN = {0002-9939},
   MRCLASS = {14B10 (14B12)},
  MRNUMBER = {2917069},
MRREVIEWER = {Marko Roczen},
       DOI = {10.1090/S0002-9939-2011-11230-9},
       URL = {https://doi.org/10.1090/S0002-9939-2011-11230-9},
}

@article {KatoF,
    AUTHOR = {Kato, Fumiharu},
     TITLE = {Log smooth deformation and moduli of log smooth curves},
   JOURNAL = {Internat. J. Math.},
  FJOURNAL = {International Journal of Mathematics},
    VOLUME = {11},
      YEAR = {2000},
    NUMBER = {2},
     PAGES = {215--232},
      ISSN = {0129-167X},
   MRCLASS = {14D22 (14H10)},
  MRNUMBER = {1754621},
MRREVIEWER = {Samuel Dalalyan},
       DOI = {10.1142/S0129167X0000012X},
       URL = {https://doi.org/10.1142/S0129167X0000012X},
}

@incollection{KimLog,
	author = "Kim, Bumsig",
	booktitle = "{New developments in algebraic geometry, integrable systems and mirror symmetry ({RIMS}, {K}yoto, 2008)}",
	mrclass = "14D20 (14H10 14N35)",
	mrnumber = "2683209",
	mrreviewer = "Hao Xu",
	pages = "167--200",
	publisher = "Math. Soc. Japan, Tokyo",
	series = "{Adv. Stud. Pure Math.}",
	title = "{Logarithmic stable maps}",
	volume = "59",
	year = "2010"
}

@article{KKP,
	author = "Kim, Bumsig and Kresch, Andrew and Pantev, Tony",
	coden = "JPAAA2",
	doi = "10.1016/S0022-4049(02)00293-1",
	fjournal = "Journal of Pure and Applied Algebra",
	issn = "0022-4049",
	journal = "J. Pure Appl. Algebra",
	mrclass = "14N35 (14C17 14J10)",
	mrnumber = "1958379",
	mrreviewer = "Kevin Joseph Costello",
	number = "1-2",
	pages = "127--136",
	title = "{Functoriality in intersection theory and a conjecture of {C}ox, {K}atz, and {L}ee}",
	url = "http://0-dx.doi.org.pugwash.lib.warwick.ac.uk/10.1016/S0022-4049(02)00293-1",
	volume = "179",
	year = "2003"
}

@article {KL,
    AUTHOR = {Kiem, Young-Hoon and Li, Jun},
     TITLE = {Localizing virtual cycles by cosections},
   JOURNAL = {J. Amer. Math. Soc.},
  FJOURNAL = {Journal of the American Mathematical Society},
    VOLUME = {26},
      YEAR = {2013},
    NUMBER = {4},
     PAGES = {1025--1050},
      ISSN = {0894-0347},
   MRCLASS = {14N35},
  MRNUMBER = {3073883},
MRREVIEWER = {Flavia Poma},
       DOI = {10.1090/S0894-0347-2013-00768-7},
       URL = {https://doi.org/10.1090/S0894-0347-2013-00768-7},
}

@ARTICLE{KLR,
   author = {{Kim}, B. and {Lho}, H. and {Ruddat}, H.},
    title = "{The degeneration formula for stable log maps}",
  journal = {ArXiv e-prints},
archivePrefix = "arXiv",
   eprint = {1803.04210},
 primaryClass = "math.AG",
 keywords = {Mathematics - Algebraic Geometry, Mathematics - Symplectic Geometry, 14N35, 53D45},
     year = 2018,
    month = mar,
   adsurl = {http://adsabs.harvard.edu/abs/2018arXiv180304210K},
  adsnote = {Provided by the SAO/NASA Astrophysics Data System}
}

@incollection{KON,
	author = "Kontsevich, Maxim",
	booktitle = "{The moduli space of curves ({T}exel {I}sland, 1994)}",
	doi = "10.1007/978-1-4612-4264-2_12",
	mrclass = "14N10 (14D22 14L30)",
	mrnumber = "1363062",
	mrreviewer = "Anatoly Libgober",
	pages = "335--368",
	publisher = "Birkh{\"a}user Boston, Boston, MA",
	series = "{Progr. Math.}",
	title = "{Enumeration of rational curves via torus actions}",
	url = "http://0-dx.doi.org.pugwash.lib.warwick.ac.uk/10.1007/978-1-4612-4264-2_12",
	volume = "129",
	year = "1995"
}

@article{Li1,
	author = "Li, Jun",
	fjournal = "Journal of Differential Geometry",
	issn = "0022-040X",
	journal = "J. Differential Geom.",
	mrclass = "14N35",
	mrnumber = "1882667",
	mrreviewer = "Andreas Gathmann",
	number = "3",
	pages = "509--578",
	title = "{Stable morphisms to singular schemes and relative stable morphisms}",
	url = "http://projecteuclid.org/euclid.jdg/1090348132",
	volume = "57",
	year = "2001"
}

@article{Li2,
	author = "Li, Jun",
	fjournal = "Journal of Differential Geometry",
	issn = "0022-040X",
	journal = "J. Differential Geom.",
	mrclass = "14N35",
	mrnumber = "1938113",
	number = "2",
	pages = "199--293",
	title = "{A degeneration formula of {GW}-invariants}",
	url = "http://projecteuclid.org/euclid.jdg/1090351102",
	volume = "60",
	year = "2002"
}

@incollection{LiNotes,
	author = "Li, Jun",
	booktitle = "{Intersection theory and moduli}",
	mrclass = "14N35 (14D20 53D45)",
	mrnumber = "2172495",
	mrreviewer = "Artur Elezi",
	pages = "41--96",
	publisher = "Abdus Salam Int. Cent. Theoret. Phys., Trieste",
	series = "{ICTP Lect. Notes, XIX}",
	title = "{Lecture notes on relative {GW}-invariants}",
	year = "2004"
}

@article{LLY1,
	author = "Lian, Bong H. and Liu, Kefeng and Yau, Shing-Tung",
	doi = "10.4310/AJM.1997.v1.n4.a5",
	fjournal = "Asian Journal of Mathematics",
	issn = "1093-6106",
	journal = "Asian J. Math.",
	mrclass = "14N10 (14D20 14J32)",
	mrnumber = "1621573",
	mrreviewer = "Andreas Gathmann",
	number = "4",
	pages = "729--763",
	title = "{Mirror principle. {I}}",
	url = "http://dx.doi.org/10.4310/AJM.1997.v1.n4.a5",
	volume = "1",
	year = "1997"
}

@article{LZ,
	author = "Li, Jun and Zinger, Aleksey",
	coden = "PJMAAI",
	doi = "10.2140/pjm.2007.233.417",
	fjournal = "Pacific Journal of Mathematics",
	issn = "0030-8730",
	journal = "Pacific J. Math.",
	mrclass = "14N35 (14J32 53D45)",
	mrnumber = "2366383",
	mrreviewer = "Hsian-Hua Tseng",
	number = "2",
	pages = "417--480",
	title = "{Gromov-{W}itten invariants of a quintic threefold and a rigidity conjecture}",
	url = "http://0-dx.doi.org.pugwash.lib.warwick.ac.uk/10.2140/pjm.2007.233.417",
	volume = "233",
	year = "2007"
}

@article{Manolache-Push,
	author = "Manolache, Cristina",
	doi = "10.2140/gt.2012.16.2003",
	fjournal = "Geometry \& Topology",
	issn = "1465-3060",
	journal = "Geom. Topol.",
	mrclass = "14C15 (14A20 14N35)",
	mrnumber = "2975298",
	mrreviewer = "Ruifang Song",
	number = "4",
	pages = "2003--2036",
	title = "{Virtual push-forwards}",
	url = "http://dx.doi.org/10.2140/gt.2012.16.2003",
	volume = "16",
	year = "2012"
}

@article{Manolache-Pull,
	author = "Manolache, Cristina",
	doi = "10.1090/S1056-3911-2011-00606-1",
	fjournal = "Journal of Algebraic Geometry",
	issn = "1056-3911",
	journal = "J. Algebraic Geom.",
	mrclass = "14C15 (14A20 14N35)",
	mrnumber = "2877433",
	mrreviewer = "Hsian-Hua Tseng",
	number = "2",
	pages = "201--245",
	title = "{Virtual pull-backs}",
	url = "http://dx.doi.org/10.1090/S1056-3911-2011-00606-1",
	volume = "21",
	year = "2012"
}

@article{ManolacheStable,
	author = "Manolache, Cristina",
	fjournal = "Compositio Mathematica",
	issn = "0010-437X",
	journal = "Compos. Math.",
	mrclass = "14N35 (14D23)",
	mrnumber = "3260138",
	mrreviewer = "Qile Chen",
	number = "9",
	pages = "1457--1481",
	title = "{Stable maps and stable quotients}",
	url = "https://doi.org/10.1112/S0010437X14007258",
	volume = "150",
	year = "2014"
}

@book{MAT,
	Author = {Matsumura, Hideyuki},
	Edition = {Second},
	Isbn = {0-521-36764-6},
	Mrclass = {13-01},
	Mrnumber = {1011461},
	Note = {Translated from the Japanese by M. Reid},
	Pages = {xiv+320},
	Publisher = {Cambridge University Press, Cambridge},
	Series = {{Cambridge Studies in Advanced Mathematics}},
	Title = {{Commutative ring theory}},
	Volume = {8},
	Year = {1989}}

@article {Mori,
    AUTHOR = {Mori, Shigefumi},
     TITLE = {Projective manifolds with ample tangent bundles},
   JOURNAL = {Ann. of Math. (2)},
  FJOURNAL = {Annals of Mathematics. Second Series},
    VOLUME = {110},
      YEAR = {1979},
    NUMBER = {3},
     PAGES = {593--606},
      ISSN = {0003-486X},
   MRCLASS = {14E05 (14M20)},
  MRNUMBER = {554387},
MRREVIEWER = {Luciana Picco Botta},
       DOI = {10.2307/1971241},
       URL = {https://doi.org/10.2307/1971241},
}

@article{MorrisonPlesser,
	author = "Morrison, David R. and Plesser, M. Ronen",
	doi = "10.1016/0550-3213(95)00061-V",
	fjournal = "Nuclear Physics. B. Theoretical, Phenomenological, and Experimental High Energy Physics. Quantum Field Theory and Statistical Systems",
	issn = "0550-3213",
	journal = "Nuclear Phys. B",
	mrclass = "32G81 (14J32 14M25 32J81 81T40)",
	mrnumber = "1336089",
	mrreviewer = "Bruce Hunt",
	number = "1-2",
	pages = "279--354",
	title = "{Summing the instantons: quantum cohomology and mirror symmetry in toric varieties}",
	url = "http://dx.doi.org/10.1016/0550-3213(95)00061-V",
	volume = "440",
	year = "1995"
}

@article {Mustata,
    AUTHOR = {Musta\c t\u a, Andrei and Musta\c t\u a, Magdalena Anca},
     TITLE = {Intermediate moduli spaces of stable maps},
   JOURNAL = {Invent. Math.},
  FJOURNAL = {Inventiones Mathematicae},
    VOLUME = {167},
      YEAR = {2007},
    NUMBER = {1},
     PAGES = {47--90},
      ISSN = {0020-9910},
   MRCLASS = {14D20 (14N35)},
  MRNUMBER = {2264804},
MRREVIEWER = {Alina Marian},
       DOI = {10.1007/s00222-006-0006-1},
       URL = {https://doi.org/10.1007/s00222-006-0006-1},
}

@article {Schubert,
    AUTHOR = {Schubert, David},
     TITLE = {A new compactification of the moduli space of curves},
   JOURNAL = {Compositio Math.},
  FJOURNAL = {Compositio Mathematica},
    VOLUME = {78},
      YEAR = {1991},
    NUMBER = {3},
     PAGES = {297--313},
      ISSN = {0010-437X},
   MRCLASS = {14H10},
  MRNUMBER = {1106299},
MRREVIEWER = {R. F. Lax},
       URL = {http://www.numdam.org/item?id=CM_1991__78_3_297_0},
}

@article{SMY1,
	author = "Smyth, David Ishii",
	doi = "10.1112/S0010437X10005014",
	fjournal = "Compositio Mathematica",
	issn = "0010-437X",
	journal = "Compos. Math.",
	mrclass = "14D23 (14H10)",
	mrnumber = "2801404",
	mrreviewer = "Concettina Galati",
	number = "3",
	pages = "877--913",
	title = "{Modular compactifications of the space of pointed elliptic curves {I}}",
	url = "http://0-dx.doi.org.pugwash.lib.warwick.ac.uk/10.1112/S0010437X10005014",
	volume = "147",
	year = "2011"
}

@ARTICLE{RSPW,
   author = {{Ranganathan}, D. and {Santos-Parker}, K. and {Wise}, J.},
    title = "{Moduli of stable maps in genus one and logarithmic geometry I}",
  journal = {ArXiv e-prints},
archivePrefix = "arXiv",
   eprint = {1708.02359},
 primaryClass = "math.AG",
 keywords = {Mathematics - Algebraic Geometry},
     year = 2017,
    month = aug,
   adsurl = {http://adsabs.harvard.edu/abs/2017arXiv170802359R},
  adsnote = {Provided by the SAO/NASA Astrophysics Data System}
}

@article{SMY2,
	author = "Smyth, David Ishii",
	doi = "10.1112/S0010437X11005549",
	fjournal = "Compositio Mathematica",
	issn = "0010-437X",
	journal = "Compos. Math.",
	mrclass = "14H10 (14D23 14E30 14H52)",
	mrnumber = "2862065",
	mrreviewer = "Hsian-Hua Tseng",
	number = "6",
	pages = "1843--1884",
	title = "{Modular compactifications of the space of pointed elliptic curves {II}}",
	url = "http://0-dx.doi.org.pugwash.lib.warwick.ac.uk/10.1112/S0010437X11005549",
	volume = "147",
	year = "2011"
}

@article{Vre,
	author = "Vakil, Ravi",
	coden = "JRMAA8",
	doi = "10.1515/crll.2000.094",
	fjournal = "Journal f{\"u}r die Reine und Angewandte Mathematik",
	issn = "0075-4102",
	journal = "J. Reine Angew. Math.",
	mrclass = "14N10 (14H10 14N35)",
	mrnumber = "1799935",
	mrreviewer = "Gilberto Bini",
	pages = "101--153",
	title = "{The enumerative geometry of rational and elliptic curves in projective space}",
	url = "http://0-dx.doi.org.pugwash.lib.warwick.ac.uk/10.1515/crll.2000.094",
	volume = "529",
	year = "2000"
}

@article{TodaStableQuotient,
	author = "Toda, Yukinobu",
	doi = "10.1112/S0010437X11005434",
	fjournal = "Compositio Mathematica",
	issn = "0010-437X",
	journal = "Compos. Math.",
	mrclass = "14N35 (14D23)",
	mrnumber = "2834730",
	mrreviewer = "Arvid Perego",
	number = "5",
	pages = "1479--1518",
	title = "{Moduli spaces of stable quotients and wall-crossing phenomena}",
	url = "http://dx.doi.org/10.1112/S0010437X11005434",
	volume = "147",
	year = "2011"
}

@article{VZ,
	author = "Vakil, Ravi and Zinger, Aleksey",
	doi = "10.2140/gt.2008.12.1",
	fjournal = "Geometry \& Topology",
	issn = "1465-3060",
	journal = "Geom. Topol.",
	mrclass = "14D20 (14N35)",
	mrnumber = "2377245",
	mrreviewer = "Charles D. Cadman",
	number = "1",
	pages = "1--95",
	title = "{A desingularization of the main component of the moduli space of genus-one stable maps into {$\mathbb P^n$}}",
	url = "http://0-dx.doi.org.pugwash.lib.warwick.ac.uk/10.2140/gt.2008.12.1",
	volume = "12",
	year = "2008"
}

@article{VZpreview,
	author = "Vakil, Ravi and Zinger, Aleksey",
	doi = "10.1090/S1079-6762-07-00174-6",
	fjournal = "Electronic Research Announcements of the American Mathematical Society",
	issn = "1079-6762",
	journal = "Electron. Res. Announc. Amer. Math. Soc.",
	mrclass = "14C05 (14D20 14H10 14N35)",
	mrnumber = "2320682",
	mrreviewer = "Cristina Mart{\'i}nez",
	pages = "53--59",
	title = "{A natural smooth compactification of the space of elliptic curves in projective space}",
	url = "http://0-dx.doi.org.pugwash.lib.warwick.ac.uk/10.1090/S1079-6762-07-00174-6",
	volume = "13",
	year = "2007"
}

@article{VISC,
	author = "Viscardi, Michael",
	doi = "10.1007/s00229-011-0513-2",
	fjournal = "Manuscripta Mathematica",
	issn = "0025-2611",
	journal = "Manuscripta Math.",
	mrclass = "14D23 (14H10)",
	mrnumber = "2959678",
	mrreviewer = "Jonathan Wise",
	number = "1-2",
	pages = "201--236",
	title = "{Alternate compactifications of the moduli space of genus one maps}",
	url = "http://0-dx.doi.org.pugwash.lib.warwick.ac.uk/10.1007/s00229-011-0513-2",
	volume = "139",
	year = "2012"
}

@misc{stacks-project,
	author = "{Stacks Project Authors}, The",
	howpublished = "\url{http://stacks.math.columbia.edu}",
	shorthand = "Stacks",
	title = "{\itshape Stacks Project}",
	year = "2017"
}

@article{CONR,
	author = "Conrad, Brian",
	doi = "10.1017/S1474748006000089",
	fjournal = "Journal of the Institute of Mathematics of Jussieu. JIMJ. Journal de l'Institut de Math{\'e}matiques de Jussieu",
	issn = "1474-7480",
	journal = "J. Inst. Math. Jussieu",
	mrclass = "11G18 (11F25 14G22)",
	mrnumber = "2311664",
	mrreviewer = "Mihran Papikian",
	number = "2",
	pages = "209--278",
	title = "{Arithmetic moduli of generalized elliptic curves}",
	url = "http://dx.doi.org/10.1017/S1474748006000089",
	volume = "6",
	year = "2007"
}

@book{HAR,
	author = "Hartshorne, Robin",
	isbn = "0-387-90244-9",
	mrclass = "14-01",
	mrnumber = "0463157",
	mrreviewer = "Robert Speiser",
	note = "Graduate Texts in Mathematics, No. 52",
	pages = "xvi+496",
	publisher = "Springer-Verlag, New York-Heidelberg",
	title = "{Algebraic geometry}",
	year = "1977"
}

@book{FUL,
	author = "Fulton, William",
	doi = "10.1007/978-1-4612-1700-8",
	edition = "Second",
	isbn = "3-540-62046-X; 0-387-98549-2",
	mrclass = "14C17 (14-02)",
	mrnumber = "1644323",
	pages = "xiv+470",
	publisher = "Springer-Verlag, Berlin",
	series = "{Ergebnisse der Mathematik und ihrer Grenzgebiete. 3. Folge. A Series of Modern Surveys in Mathematics [Results in Mathematics and Related Areas. 3rd Series. A Series of Modern Surveys in Mathematics]}",
	title = "{Intersection theory}",
	url = "http://dx.doi.org/10.1007/978-1-4612-1700-8",
	volume = "2",
	year = "1998"
}

@article{CL-pfields,
	author = "Chang, Huai-Liang and Li, Jun",
	doi = "10.1093/imrn/rnr186",
	fjournal = "International Mathematics Research Notices. IMRN",
	issn = "1073-7928",
	journal = "Int. Math. Res. Not. IMRN",
	mrclass = "14N35 (53D45)",
	mrnumber = "2975379",
	mrreviewer = "Artan Sheshmani",
	number = "18",
	pages = "4163--4217",
	title = "{Gromov-{W}itten invariants of stable maps with fields}",
	url = "http://dx.doi.org/10.1093/imrn/rnr186",
	year = "2012"
}

@article{CF-K,
	author = "Ciocan-Fontanine, Ionu\c{t} and Kim, Bumsig",
	doi = "10.1016/j.aim.2010.05.023",
	fjournal = "Advances in Mathematics",
	issn = "0001-8708",
	journal = "Adv. Math.",
	mrclass = "14N35 (14D23 14M25)",
	mrnumber = "2729000",
	mrreviewer = "I. Dolgachev",
	number = "6",
	pages = "3022--3051",
	title = "{Moduli stacks of stable toric quasimaps}",
	url = "http://dx.doi.org/10.1016/j.aim.2010.05.023",
	volume = "225",
	year = "2010"
}

@article{CF-K-MirrorSymmetry,
	adsnote = "Provided by the SAO/NASA Astrophysics Data System",
	adsurl = "http://adsabs.harvard.edu/abs/2016arXiv161105023C",
	archiveprefix = "arXiv",
	author = "Ciocan-Fontanine, Ionu\c{t} and Kim, Bumsig",
	eprint = "1611.05023",
	journal = "ArXiv e-prints",
	keywords = "Mathematics - Algebraic Geometry; Mathematics - Symplectic Geometry; 14D20; 14D23; 14N35",
	month = nov,
	primaryclass = "math.AG",
	title = "{Quasimap Wall-crossings and Mirror Symmetry}",
	year = 2016
}

@misc{Kelithesis,
	author = "Parker, Keli Siqueiros",
	note = "PhD thesis, University of Colorado at Boulder",
	title = "Semistable Modular Compactifications of Moduli Spaces of Genus One Curves",
	year = 2017
}

@article{CF-K-wallcrossing,
	author = "Ciocan-Fontanine, Ionu\c{t} and Kim, Bumsig",
	fjournal = "Algebraic Geometry",
	issn = "2214-2584",
	journal = "Algebr. Geom.",
	mrclass = "14N35 (14D23 14L24)",
	mrnumber = "3272909",
	mrreviewer = "Sergiy Koshkin",
	number = "4",
	pages = "400--448",
	title = "{Wall-crossing in genus zero quasimap theory and mirror maps}",
	url = "http://dx.doi.org/10.14231/AG-2014-019",
	volume = "1",
	year = "2014"
}

@article{Ga,
	author = "Gathmann, Andreas",
	doi = "10.1215/S0012-7094-02-11521-X",
	fjournal = "Duke Mathematical Journal",
	issn = "0012-7094",
	journal = "Duke Math. J.",
	mrclass = "14N35 (14H10 14J70 14N10)",
	mrnumber = "1944571",
	mrreviewer = "Domenico Fiorenza",
	number = "2",
	pages = "171--203",
	title = "{Absolute and relative {G}romov-{W}itten invariants of very ample hypersurfaces}",
	url = "http://dx.doi.org/10.1215/S0012-7094-02-11521-X",
	volume = "115",
	year = "2002"
}

@article{Ga-MF,
	author = "Gathmann, Andreas",
	doi = "10.1007/s00208-002-0345-1",
	fjournal = "Mathematische Annalen",
	issn = "0025-5831",
	journal = "Math. Ann.",
	mrclass = "14N35 (14N10)",
	mrnumber = "1962055",
	mrreviewer = "Kevin Joseph Costello",
	number = "2",
	pages = "393--412",
	title = "{Relative {G}romov-{W}itten invariants and the mirror formula}",
	url = "http://dx.doi.org/10.1007/s00208-002-0345-1",
	volume = "325",
	year = "2003"
}

@book{ACG-II,
	author = "Arbarello, Enrico and Cornalba, Maurizio and Griffiths, Pillip A.",
	doi = "10.1007/978-3-540-69392-5",
	isbn = "978-3-540-42688-2",
	mrclass = "14H10 (32G15)",
	mrnumber = "2807457",
	mrreviewer = "E. Looijenga",
	note = "With a contribution by Joseph Daniel Harris",
	pages = "xxx+963",
	publisher = "Springer, Heidelberg",
	series = "{Grundlehren der Mathematischen Wissenschaften [Fundamental Principles of Mathematical Sciences]}",
	title = "{Geometry of algebraic curves. {V}olume {II}}",
	url = "http://dx.doi.org/10.1007/978-3-540-69392-5",
	volume = "268",
	year = "2011"
}

@article{MOP,
	author = "Marian, Alina and Oprea, Dragos and Pandharipande, Rahul",
	doi = "10.2140/gt.2011.15.1651",
	fjournal = "Geometry \& Topology",
	issn = "1465-3060",
	journal = "Geom. Topol.",
	mrclass = "14N35 (14D23)",
	mrnumber = "2851074",
	mrreviewer = "Amin Gholampour",
	number = "3",
	pages = "1651--1706",
	title = "{The moduli space of stable quotients}",
	url = "http://dx.doi.org/10.2140/gt.2011.15.1651",
	volume = "15",
	year = "2011"
}

@article{Bertram,
	author = "Bertram, Aaron",
	doi = "10.1007/s002220000094",
	fjournal = "Inventiones Mathematicae",
	issn = "0020-9910",
	journal = "Invent. Math.",
	mrclass = "14N35 (14D20 14J32)",
	mrnumber = "1804158",
	mrreviewer = "Yuan-Pin Lee",
	number = "3",
	pages = "487--512",
	title = "{Another way to enumerate rational curves with torus actions}",
	url = "http://dx.doi.org/10.1007/s002220000094",
	volume = "142",
	year = "2000"
}

@article{Popa-Roth,
	author = "Popa, Mihnea and Roth, Mike",
	doi = "10.1007/s00222-002-0279-y",
	fjournal = "Inventiones Mathematicae",
	issn = "0020-9910",
	journal = "Invent. Math.",
	mrclass = "14H60 (14C20 14D20)",
	mrnumber = "1988296",
	mrreviewer = "Jean-Marc Drezet",
	number = "3",
	pages = "625--663",
	title = "{Stable maps and {Q}uot schemes}",
	url = "http://dx.doi.org/10.1007/s00222-002-0279-y",
	volume = "152",
	year = "2003"
}

@article{CFKM,
	author = "Ciocan-Fontanine, Ionu\c{t} and Kim, Bumsig and Maulik, Davesh",
	doi = "10.1016/j.geomphys.2013.08.019",
	fjournal = "Journal of Geometry and Physics",
	issn = "0393-0440",
	journal = "J. Geom. Phys.",
	mrclass = "14D23 (14L24 14M25)",
	mrnumber = "3126932",
	mrreviewer = "Yu-Jong Tzeng",
	pages = "17--47",
	title = "{Stable quasimaps to {GIT} quotients}",
	url = "http://dx.doi.org/10.1016/j.geomphys.2013.08.019",
	volume = "75",
	year = "2014"
}

@article{Knudsen,
	author = "Knudsen, Finn F.",
	doi = "10.7146/math.scand.a-12001",
	fjournal = "Mathematica Scandinavica",
	issn = "0025-5521",
	journal = "Math. Scand.",
	mrclass = "14H10 (14D20 14D22)",
	mrnumber = "702953",
	mrreviewer = "P. E. Newstead",
	number = "2",
	pages = "161--199",
	title = "{The projectivity of the moduli space of stable curves. {II}. {T}he stacks {$M_{g,n}$}}",
	url = "http://dx.doi.org/10.7146/math.scand.a-12001",
	volume = "52",
	year = "1983"
}

@incollection{KP,
	author = "Kim, Bumsig and Pandharipande, Rahul",
	booktitle = "{Symplectic geometry and mirror symmetry ({S}eoul, 2000)}",
	doi = "10.1142/9789812799821_0006",
	mrclass = "14D22 (14L30 14M20)",
	mrnumber = "1882330",
	mrreviewer = "Domenico Fiorenza",
	pages = "187--201",
	publisher = "World Sci. Publ., River Edge, NJ",
	title = "{The connectedness of the moduli space of maps to homogeneous spaces}",
	url = "http://dx.doi.org/10.1142/9789812799821_0006",
	year = "2001"
}

@article{CZ-mirror,
	author = "Cooper, Yaim and Zinger, Aleksey",
	doi = "10.1307/mmj/1409932634",
	fjournal = "Michigan Mathematical Journal",
	issn = "0026-2285",
	journal = "Michigan Math. J.",
	mrclass = "14J33 (14D20)",
	mrnumber = "3255692",
	mrreviewer = "Dang Tuan Hiep",
	number = "3",
	pages = "571--621",
	title = "{Mirror symmetry for stable quotients invariants}",
	url = "http://dx.doi.org/10.1307/mmj/1409932634",
	volume = "63",
	year = "2014"
}

@incollection{Givental-mirror,
	author = "Givental, Alexander",
	booktitle = "{Topological field theory, primitive forms and related topics ({K}yoto, 1996)}",
	mrclass = "14M25 (14J32 14N35)",
	mrnumber = "1653024",
	mrreviewer = "Charles F. Doran",
	pages = "141--175",
	publisher = "Birkh{\"a}user Boston, Boston, MA",
	series = "{Progr. Math.}",
	title = "{A mirror theorem for toric complete intersections}",
	volume = "160",
	year = "1998"
}

@article{HolgerSpielberg,
	adsnote = "Provided by the SAO/NASA Astrophysics Data System",
	adsurl = "http://adsabs.harvard.edu/abs/2000math......6156S",
	author = "{Spielberg}, H.",
	eprint = "math/0006156",
	journal = "ArXiv Mathematics e-prints",
	keywords = "Mathematics - Algebraic Geometry; Mathematics - Symplectic Geometry; 14D (Primary); 58D; 14M25; 58F05; 55N91 (Secondary)",
	month = jun,
	title = "{The Gromov-Witten invariants of symplectic manifolds}",
	year = 2000
}

@article {HScounting,
    AUTHOR = {Spielberg, Holger},
     TITLE = {Counting generic genus-0 curves on {H}irzebruch surfaces},
   JOURNAL = {Proc. Amer. Math. Soc.},
  FJOURNAL = {Proceedings of the American Mathematical Society},
    VOLUME = {130},
      YEAR = {2002},
    NUMBER = {5},
     PAGES = {1257--1264},
      ISSN = {0002-9939},
   MRCLASS = {14N35 (14J25 14J26)},
  MRNUMBER = {1879945},
MRREVIEWER = {Andrew Kresch},
       DOI = {10.1090/S0002-9939-01-06418-8},
       URL = {https://doi.org/10.1090/S0002-9939-01-06418-8},
}

@article {MauPan,
    AUTHOR = {Maulik, D. and Pandharipande, R.},
     TITLE = {A topological view of {G}romov-{W}itten theory},
   JOURNAL = {Topology},
  FJOURNAL = {Topology. An International Journal of Mathematics},
    VOLUME = {45},
      YEAR = {2006},
    NUMBER = {5},
     PAGES = {887--918},
      ISSN = {0040-9383},
   MRCLASS = {14N35 (53D45)},
  MRNUMBER = {2248516},
MRREVIEWER = {Renzo Cavalieri},
       DOI = {10.1016/j.top.2006.06.002},
       URL = {https://doi.org/10.1016/j.top.2006.06.002},
}

@article{Zinger-CYhyp,
	Author = {Aleksey Zinger},
	Date-Added = {2018-01-20 05:56:54 +0000},
	Date-Modified = {2018-02-05 23:38:09 +0000},
	Journal = {J. Amer. Math. Soc},
	Number = {22},
	Pages = {691-737},
	Title = {The reduced genus one {G}romov-{W}itten invariants of {C}alabi-{Y}au hypersurfaces},
	Year = {2009}}

